<record><leader>00000cas a2200000 i 4500</leader><controlfield tag="001">55494795</controlfield><controlfield tag="006">swr neo     0    0</controlfield><controlfield tag="007">cr cn|||||||||</controlfield><controlfield tag="008">040527d19942006fluwr neo     0    0eng c</controlfield><datafield ind1=" " ind2=" " tag="010"><subfield code="a">  2015238506</subfield></datafield><datafield ind1=" " ind2=" " tag="040"><subfield code="a">AMH</subfield><subfield code="b">eng</subfield><subfield code="e">rda</subfield><subfield code="c">AMH</subfield><subfield code="d">OCLCQ</subfield><subfield code="d">OCLCF</subfield><subfield code="d">OCLCO</subfield><subfield code="d">IUL</subfield></datafield><datafield ind1=" " ind2=" " tag="042"><subfield code="a">pcc</subfield></datafield><datafield ind1=" " ind2=" " tag="043"><subfield code="a">n-us-fl</subfield></datafield><datafield ind1="1" ind2="4" tag="050"><subfield code="a">F319.T2</subfield><subfield code="b">C74</subfield></datafield><datafield ind1="0" ind2=" " tag="130"><subfield code="a">Weekly planet (Tampa, Fla. : Online)</subfield></datafield><datafield ind1="1" ind2="0" tag="245"><subfield code="a">Weekly planet.</subfield></datafield><datafield ind1=" " ind2="1" tag="264"><subfield code="a">Tampa, Fla. :</subfield><subfield code="b">CL-Tampa, Inc.,</subfield><subfield code="c">1994-</subfield></datafield><datafield ind1=" " ind2=" " tag="300"><subfield code="a">online resource</subfield></datafield><datafield ind1=" " ind2=" " tag="310"><subfield code="a">Weekly</subfield></datafield><datafield ind1=" " ind2=" " tag="336"><subfield code="a">text</subfield><subfield code="b">txt</subfield><subfield code="2">rdacontent</subfield></datafield><datafield ind1=" " ind2=" " tag="337"><subfield code="a">computer</subfield><subfield code="b">c</subfield><subfield code="2">rdamedia</subfield></datafield><datafield ind1=" " ind2=" " tag="338"><subfield code="a">online resource</subfield><subfield code="b">cr</subfield><subfield code="2">rdacarrier</subfield></datafield><datafield ind1="1" ind2=" " tag="362"><subfield code="a">Began with vol. 7, no. 36 (Dec. 8-14, 1994); ceased with v. 19, no. 26 (Sept. 13-19, 2006).</subfield></datafield><datafield ind1=" " ind2=" " tag="500"><subfield code="a">"Weekly Planet is a weekly newspaper covering the arts, entertainment, and public issues."</subfield></datafield><datafield ind1=" " ind2=" " tag="530"><subfield code="a">Also issued in print.</subfield></datafield><datafield ind1=" " ind2=" " tag="538"><subfield code="a">Mode of access: World Wide Web.</subfield></datafield><datafield ind1=" " ind2=" " tag="588"><subfield code="a">Description based on print record; title from Alt-PressWatch title screen.</subfield></datafield><datafield ind1=" " ind2="0" tag="651"><subfield code="a">Tampa (Fla.)</subfield><subfield code="v">Newspapers.</subfield></datafield><datafield ind1=" " ind2="0" tag="651"><subfield code="a">Hillsborough County (Fla.)</subfield><subfield code="v">Newspapers.</subfield></datafield><datafield ind1=" " ind2="7" tag="651"><subfield code="a">Florida</subfield><subfield code="z">Hillsborough County.</subfield><subfield code="2">fast</subfield><subfield code="0">(OCoLC)fst01210214</subfield></datafield><datafield ind1=" " ind2="7" tag="651"><subfield code="a">Florida</subfield><subfield code="z">Tampa.</subfield><subfield code="2">fast</subfield><subfield code="0">(OCoLC)fst01206282</subfield></datafield><datafield ind1=" " ind2="7" tag="655"><subfield code="a">Newspapers.</subfield><subfield code="2">fast</subfield><subfield code="0">(OCoLC)fst01423814</subfield></datafield><datafield ind1=" " ind2=" " tag="752"><subfield code="a">United States</subfield><subfield code="b">Florida</subfield><subfield code="c">Hillsborough</subfield><subfield code="d">Tampa.</subfield></datafield><datafield ind1="0" ind2="8" tag="776"><subfield code="i">Print version:</subfield><subfield code="t">Weekly planet (Tampa, Fla.)</subfield><subfield code="w">(DLC)sn 96027425</subfield><subfield code="w">(OCoLC)31761254</subfield></datafield><datafield ind1="0" ind2="0" tag="780"><subfield code="t">Creative loafing (Tampa, Fla.)</subfield></datafield><datafield ind1="0" ind2="0" tag="785"><subfield code="t">Creative loafing (Tampa, Fla. : 2006 : Online)</subfield><subfield code="w">(DLC)  2015238505</subfield><subfield code="w">(OCoLC)427370528</subfield></datafield><datafield ind1="4" ind2="0" tag="856"><subfield code="u">http://proquest.umi.com/</subfield></datafield></record>